%=================================================================
% Section Bibliographie
%=================================================================

@MISC{BLEStart,
author = {Iddo Genuth},
title = {Nokia's Wibree and the Wireless Zoo},
month = {Novembre},
year = {2006},
howpublished={\url{https://web.archive.org/web/20121108120338/http://thefutureofthings.com/articles/38/nokias-wibree-and-the-wireless-zoo.html}}
}

@MISC{BLEMarket,
author = {BBC News},
title = {Bluetooth rival unveiled by Nokia},
month = {Octobre},
year = {2006},
howpublished={\url{http://news.bbc.co.uk/1/hi/technology/5403564.stm}}
}

@MISC{BLE,
author = {J. Pollicino},
title = {Bluetooth SIG unveils Smart Marks, explains v4.0 compatibility with unnecessary complexity},
month = {Octobre},
year = {2011},
howpublished={\url{https://www.engadget.com/2011-10-25-bluetooth-sig-unveils-smart-marks-explains-v4-0-compatibility-w.html}}
}

@MISC{PluginBLE,
author = {Github Community},
title = {Bluetooth LE plugin for Xamarin},
month = {Avril},
year = {2021},
howpublished={\url{https://github.com/xabre/xamarin-bluetooth-le}}
}

@MISC{Shiny,
author = {Allan Ritchie/Dan Siegel/Emily Stanek/Keith Dahlby},
title = {Shiny.NET},
month = {May},
year = {2021},
howpublished={\url{https://shinylib.net}}
}

%=================================================================
% Section Corps du projet
%=================================================================